<?xml version="1.0" encoding="UTF-8"?>
<record xmlns="http://www.loc.gov/MARC21/slim">
   <leader>02082cam a2200409 a 4500</leader>
   <controlfield tag="001">1335346</controlfield>
   <controlfield tag="003">NjP</controlfield>
   <controlfield tag="005">20190705143627.0</controlfield>
   <controlfield tag="008">991123s1962    ir a          100 0 ara d</controlfield>
   <datafield tag="024" ind1="7" ind2=" ">
      <subfield code="a">princeton_aco004132</subfield>
      <subfield code="2">local</subfield>
   </datafield>
   <datafield ind1=" " ind2=" " tag="010">
      <subfield code="a">  2006457603</subfield>
   </datafield>
   <datafield ind1=" " ind2=" " tag="035">
      <subfield code="9">CDX8610TS</subfield>
   </datafield>
   <datafield ind1=" " ind2=" " tag="035">
      <subfield code="a">(NjP)1335346</subfield>
   </datafield>
   <datafield ind1=" " ind2=" " tag="040">
      <subfield code="a">PUL</subfield>
      <subfield code="c">PUL</subfield>
      <subfield code="d">DLC</subfield>
      <subfield code="d">PUL</subfield>
   </datafield>
   <datafield ind1=" " ind2=" " tag="066">
      <subfield code="c">(3</subfield>
      <subfield code="c">(4</subfield>
   </datafield>
   <datafield ind1="0" ind2=" " tag="041">
      <subfield code="a">ara</subfield>
      <subfield code="a">per</subfield>
   </datafield>
   <datafield ind1=" " ind2=" " tag="042">
      <subfield code="a">lccopycat</subfield>
   </datafield>
   <datafield ind1=" " ind2=" " tag="043">
      <subfield code="a">a------</subfield>
      <subfield code="a">f------</subfield>
   </datafield>
   <datafield ind1="0" ind2="0" tag="050">
      <subfield code="a">DS35.32</subfield>
      <subfield code="b">.N23 1962</subfield>
   </datafield>
   <datafield ind1=" " ind2=" " tag="049">
      <subfield code="a">PULL</subfield>
   </datafield>
   <datafield ind1=" " ind2=" " tag="035">
      <subfield code="a">(OCoLC)ocm70860648</subfield>
   </datafield>
   <datafield ind1="2" ind2=" " tag="111">
      <subfield code="6">880-01</subfield>
      <subfield code="a">Nadawāt min Bayt al-Maqdis</subfield>
      <subfield code="d">(1962 :</subfield>
      <subfield code="c">Jerusalem)</subfield>
   </datafield>
   <datafield ind1="1" ind2="0" tag="245">
      <subfield code="6">880-02</subfield>
      <subfield code="a">Hādhihi al-dharīʻah unmūzaj min afkār al-Muslimīn ʻalá ikhtilāf shuʻabihim wa-alwānihim ... /</subfield>
      <subfield code="c">bi-al-ʻArabīyah wa-al-Fārisīyah min taʾlīf ʻAlī Akbar Tashayyud alladhī sāfara ... lil-shirkah fī al-Muʾtamar al-Islāmī ... wa-sammāhā bi-al-ʻArabīyah Nadawāt min Bayt al-Maqdis wa-bi-al-Fārisīyah Payāmhāʾī az Bayt al-Maqdis.</subfield>
   </datafield>
   <datafield ind1=" " ind2=" " tag="260">
      <subfield code="6">880-03</subfield>
      <subfield code="a">[Tehran?] :</subfield>
      <subfield code="b">Majallah-i Tārīkh-i Islām,</subfield>
      <subfield code="c">1341 [1962]</subfield>
   </datafield>
   <datafield ind1=" " ind2=" " tag="300">
      <subfield code="a">221 p. :</subfield>
      <subfield code="b">ill. ;</subfield>
      <subfield code="c">25 cm.</subfield>
   </datafield>
   <datafield ind1=" " ind2=" " tag="546">
      <subfield code="a">In Arabic and Persian.</subfield>
   </datafield>
   <datafield ind1=" " ind2="0" tag="651">
      <subfield code="a">Islamic countries</subfield>
      <subfield code="x">Social life and customs</subfield>
      <subfield code="v">Congresses.</subfield>
   </datafield>
   <datafield ind1="1" ind2=" " tag="700">
      <subfield code="6">880-04</subfield>
      <subfield code="a">Tashayyud, ʻAlī Akbar.</subfield>
   </datafield>
   <datafield ind1="2" ind2=" " tag="880">
      <subfield code="6">111-01/(3/r</subfield>
      <subfield code="a">ندوات من بيت المقدس.</subfield>
   </datafield>
   <datafield ind1="1" ind2="0" tag="880">
      <subfield code="6">245-02/(3/r</subfield>
      <subfield code="a">هذه الذريعة انموزج من افكار المسلمين على اختلاف شعبهم والوانهم ... /</subfield>
      <subfield code="c">بالعربية والفارسية من تأليف على اكبر تشيد الذي سافر ... للشركة في المؤتمر الاسلامي ... وسماها بالعربية ندوات من بيت المقدس وبالفارسية پيامهائى از بيت المقدس.</subfield>
   </datafield>
   <datafield ind1=" " ind2=" " tag="880">
      <subfield code="6">260-03/(3/r</subfield>
      <subfield code="a">[Tehran?]:</subfield>
      <subfield code="b">مجله تاريخ اسلام،</subfield>
      <subfield code="c">1341 [1962].</subfield>
   </datafield>
   <datafield ind1="1" ind2=" " tag="880">
      <subfield code="6">700-04/(3/r</subfield>
      <subfield code="a">تشيد، على اكبر.</subfield>
   </datafield>
   <datafield ind1=" " ind2=" " tag="947">
      <subfield code="a">CDX8610</subfield>
   </datafield>
   <datafield ind1=" " ind2=" " tag="999">
      <subfield code="a">1335346</subfield>
   </datafield>
   <datafield ind1=" " ind2=" " tag="994">
      <subfield code="a">C0</subfield>
      <subfield code="b">PUL</subfield>
   </datafield>
   <datafield ind1=" " ind2=" " tag="902">
      <subfield code="a">jab</subfield>
      <subfield code="b">r</subfield>
      <subfield code="6">a</subfield>
      <subfield code="7">m</subfield>
      <subfield code="d">v</subfield>
      <subfield code="f">0</subfield>
      <subfield code="e">20100729</subfield>
   </datafield>
   <datafield ind1=" " ind2=" " tag="979">
      <subfield code="a">(OCoLC)ocn650840609</subfield>
   </datafield>
   <datafield ind1=" " ind2=" " tag="979">
      <subfield code="a">(OCoLC)ocn177141489</subfield>
   </datafield>
   <datafield ind1=" " ind2=" " tag="979">
      <subfield code="a">(OCoLC)ocm42873241</subfield>
   </datafield>
   <datafield ind1="8" ind2="0" tag="852">
      <subfield code="0">1533459</subfield>
      <subfield code="b">rcppa</subfield>
      <subfield code="t">0</subfield>
      <subfield code="h">2260.8972</subfield>
      <subfield code="x">tr fr f</subfield>
   </datafield>
   <datafield ind1=" " ind2=" " tag="959">
      <subfield code="a">2000-06-13 00:00:00 -0500</subfield>
   </datafield>
</record>
